@misc{libvirt,
	title = {libvirt},
	url = {http://libvirt.org/},
	urldate = {2015-10-01}
}
